<?xml version="1.0" encoding="UTF-8"?><collection xmlns="http://www.loc.gov/MARC21/slim"><record><leader>00454nam--2200133-i-4500</leader><controlfield tag="001">000037446</controlfield><controlfield tag="002">20161230</controlfield><controlfield tag="005">20161230201041</controlfield><controlfield tag="008">060222s1000------------r-----000-0-eng-d</controlfield><datafield ind1=" " ind2=" " tag="100"><subfield code="a">Quadrat, Otakar Et Vcelak, Vladimir</subfield></datafield><datafield ind1=" " ind2=" " tag="245"><subfield code="a">Contribution a la determination du phosphore dans les produits siderurgiques</subfield></datafield><datafield ind1=" " ind2=" " tag="260"><subfield code="a">Paris, Chimie Et Industrie, 1938, 9p</subfield></datafield><datafield ind1=" " ind2=" " tag="490"><subfield code="a">Dix.Huitieme Congres Chimie  Industrielle, Nancy 22 Sept.- 2 Oct.1938</subfield></datafield><datafield ind1=" " ind2=" " tag="852"><subfield code="a">1029</subfield></datafield></record></collection>